<?xml version="1.0" encoding="UTF-8"?><collection xmlns="http://www.loc.gov/MARC21/slim"><record><leader>00595nam--2200205-i-4500</leader><controlfield tag="001">000048854</controlfield><controlfield tag="002">20161230</controlfield><controlfield tag="005">20161230201047</controlfield><controlfield tag="008">060222s1000------------r-----000-0-rus-d</controlfield><datafield ind1=" " ind2=" " tag="040"><subfield code="a">IFIN-H</subfield></datafield><datafield ind1=" " ind2=" " tag="041"><subfield code="a">rus</subfield></datafield><datafield ind1=" " ind2=" " tag="080"><subfield code="a">539.14</subfield></datafield><datafield ind1="1" ind2=" " tag="100"><subfield code="a">Eisenberg, Judah M</subfield></datafield><datafield ind1="1" ind2="0" tag="245"><subfield code="a">Mikroskopicheskaia teoria iadra</subfield><subfield code="c">Judah m. eisenberg, w. garnier</subfield></datafield><datafield ind1=" " ind2=" " tag="260"><subfield code="a">Moskva</subfield><subfield code="b">Atomizdat</subfield><subfield code="c">1976</subfield></datafield><datafield ind1=" " ind2=" " tag="300"><subfield code="a">487 S</subfield></datafield><datafield ind1=" " ind2=" " tag="500"><subfield code="a">Titlul Original In Limba Engleza: Nuclear Theory Volume 3 Microscopic Theory Of The Nucleus</subfield></datafield><datafield ind1="1" ind2=" " tag="700"><subfield code="a">Grainer, W</subfield></datafield><datafield ind1=" " ind2=" " tag="852"><subfield code="a">44739</subfield><subfield code="c">539.14</subfield></datafield><datafield ind1=" " ind2=" " tag="CAT"><subfield code="a">Sys</subfield><subfield code="c">20120403</subfield><subfield code="h">134648</subfield></datafield></record></collection>